%YAML 1.1
%TAG !u! tag:unity3d.com,2011:
--- !u!1 &3117466727559407388
GameObject:
  m_ObjectHideFlags: 0
  m_CorrespondingSourceObject: {fileID: 0}
  m_PrefabInstance: {fileID: 0}
  m_PrefabAsset: {fileID: 0}
  serializedVersion: 6
  m_Component:
  - component: {fileID: 8236599120841098540}
  - component: {fileID: 7155956491595719729}
  - component: {fileID: 7296565400018721843}
  m_Layer: 7
  m_Name: Pistol
  m_TagString: Untagged
  m_Icon: {fileID: 0}
  m_NavMeshLayer: 0
  m_StaticEditorFlags: 0
  m_IsActive: 1
--- !u!4 &8236599120841098540
Transform:
  m_ObjectHideFlags: 0
  m_CorrespondingSourceObject: {fileID: 0}
  m_PrefabInstance: {fileID: 0}
  m_PrefabAsset: {fileID: 0}
  m_GameObject: {fileID: 3117466727559407388}
  serializedVersion: 2
  m_LocalRotation: {x: 0, y: 0, z: 0, w: 1}
  m_LocalPosition: {x: 524.9422, y: 41.9, z: 923.74}
  m_LocalScale: {x: 1, y: 1, z: 1}
  m_ConstrainProportionsScale: 0
  m_Children:
  - {fileID: 4362730097479768010}
  m_Father: {fileID: 0}
  m_LocalEulerAnglesHint: {x: 0, y: 0, z: 0}
--- !u!114 &7155956491595719729
MonoBehaviour:
  m_ObjectHideFlags: 0
  m_CorrespondingSourceObject: {fileID: 0}
  m_PrefabInstance: {fileID: 0}
  m_PrefabAsset: {fileID: 0}
  m_GameObject: {fileID: 3117466727559407388}
  m_Enabled: 1
  m_EditorHideFlags: 0
  m_Script: {fileID: 11500000, guid: 1ef77085d7a52e348810d2814b10623e, type: 3}
  m_Name: 
  m_EditorClassIdentifier: 
  weaponMuzzle: {fileID: 2713481180713240075}
  hitableLayers:
    serializedVersion: 2
    m_Bits: 4294967295
  shotType: 0
  recoilForce: 2
  fireRange: 20
  bulletHolePrefab: {fileID: 2241485579463629915, guid: 747bbb410186625418c94e93f87f5c65, type: 3}
  fireRate: 0.4
  maxAmmo: 7
  totalAmmo: 42
  reloadTime: 1.5
  flashEffects: {fileID: 8238297626187542595, guid: e3d3d2be686205e43946951af9a487fd, type: 3}
--- !u!114 &7296565400018721843
MonoBehaviour:
  m_ObjectHideFlags: 0
  m_CorrespondingSourceObject: {fileID: 0}
  m_PrefabInstance: {fileID: 0}
  m_PrefabAsset: {fileID: 0}
  m_GameObject: {fileID: 3117466727559407388}
  m_Enabled: 1
  m_EditorHideFlags: 0
  m_Script: {fileID: 11500000, guid: 9793443a48ff02847afea17c70760dff, type: 3}
  m_Name: 
  m_EditorClassIdentifier: 
  forceSway: 1
--- !u!1 &8801153432994192563
GameObject:
  m_ObjectHideFlags: 0
  m_CorrespondingSourceObject: {fileID: 0}
  m_PrefabInstance: {fileID: 0}
  m_PrefabAsset: {fileID: 0}
  serializedVersion: 6
  m_Component:
  - component: {fileID: 2713481180713240075}
  m_Layer: 7
  m_Name: boquilla
  m_TagString: Untagged
  m_Icon: {fileID: 0}
  m_NavMeshLayer: 0
  m_StaticEditorFlags: 0
  m_IsActive: 1
--- !u!4 &2713481180713240075
Transform:
  m_ObjectHideFlags: 0
  m_CorrespondingSourceObject: {fileID: 0}
  m_PrefabInstance: {fileID: 0}
  m_PrefabAsset: {fileID: 0}
  m_GameObject: {fileID: 8801153432994192563}
  serializedVersion: 2
  m_LocalRotation: {x: 0.7071068, y: -0, z: -0, w: 0.7071067}
  m_LocalPosition: {x: -26, y: 137, z: 40}
  m_LocalScale: {x: 9.187271, y: 39.6886, z: 39.6886}
  m_ConstrainProportionsScale: 0
  m_Children: []
  m_Father: {fileID: 4362730097479768010}
  m_LocalEulerAnglesHint: {x: 0, y: 0, z: 0}
--- !u!1001 &4362730097479361870
PrefabInstance:
  m_ObjectHideFlags: 0
  serializedVersion: 2
  m_Modification:
    serializedVersion: 3
    m_TransformParent: {fileID: 8236599120841098540}
    m_Modifications:
    - target: {fileID: 141658, guid: 0f599fa355e018c47bd698bd6bdf7e90, type: 3}
      propertyPath: m_Name
      value: PM-40_Variant3
      objectReference: {fileID: 0}
    - target: {fileID: 422532, guid: 0f599fa355e018c47bd698bd6bdf7e90, type: 3}
      propertyPath: m_LocalScale.x
      value: 0.001
      objectReference: {fileID: 0}
    - target: {fileID: 422532, guid: 0f599fa355e018c47bd698bd6bdf7e90, type: 3}
      propertyPath: m_LocalScale.y
      value: 0.001
      objectReference: {fileID: 0}
    - target: {fileID: 422532, guid: 0f599fa355e018c47bd698bd6bdf7e90, type: 3}
      propertyPath: m_LocalScale.z
      value: 0.001
      objectReference: {fileID: 0}
    - target: {fileID: 422532, guid: 0f599fa355e018c47bd698bd6bdf7e90, type: 3}
      propertyPath: m_LocalPosition.x
      value: 0.0059814453
      objectReference: {fileID: 0}
    - target: {fileID: 422532, guid: 0f599fa355e018c47bd698bd6bdf7e90, type: 3}
      propertyPath: m_LocalPosition.y
      value: 0.03099823
      objectReference: {fileID: 0}
    - target: {fileID: 422532, guid: 0f599fa355e018c47bd698bd6bdf7e90, type: 3}
      propertyPath: m_LocalPosition.z
      value: 0.4920044
      objectReference: {fileID: 0}
    - target: {fileID: 422532, guid: 0f599fa355e018c47bd698bd6bdf7e90, type: 3}
      propertyPath: m_LocalRotation.w
      value: 0
      objectReference: {fileID: 0}
    - target: {fileID: 422532, guid: 0f599fa355e018c47bd698bd6bdf7e90, type: 3}
      propertyPath: m_LocalRotation.x
      value: 0
      objectReference: {fileID: 0}
    - target: {fileID: 422532, guid: 0f599fa355e018c47bd698bd6bdf7e90, type: 3}
      propertyPath: m_LocalRotation.y
      value: 0.7071068
      objectReference: {fileID: 0}
    - target: {fileID: 422532, guid: 0f599fa355e018c47bd698bd6bdf7e90, type: 3}
      propertyPath: m_LocalRotation.z
      value: 0.7071068
      objectReference: {fileID: 0}
    - target: {fileID: 422532, guid: 0f599fa355e018c47bd698bd6bdf7e90, type: 3}
      propertyPath: m_LocalEulerAnglesHint.x
      value: -90
      objectReference: {fileID: 0}
    - target: {fileID: 422532, guid: 0f599fa355e018c47bd698bd6bdf7e90, type: 3}
      propertyPath: m_LocalEulerAnglesHint.y
      value: 0
      objectReference: {fileID: 0}
    - target: {fileID: 422532, guid: 0f599fa355e018c47bd698bd6bdf7e90, type: 3}
      propertyPath: m_LocalEulerAnglesHint.z
      value: 180
      objectReference: {fileID: 0}
    m_RemovedComponents: []
    m_RemovedGameObjects: []
    m_AddedGameObjects:
    - targetCorrespondingSourceObject: {fileID: 422532, guid: 0f599fa355e018c47bd698bd6bdf7e90, type: 3}
      insertIndex: -1
      addedObject: {fileID: 2713481180713240075}
    m_AddedComponents: []
  m_SourcePrefab: {fileID: 100100000, guid: 0f599fa355e018c47bd698bd6bdf7e90, type: 3}
--- !u!4 &4362730097479768010 stripped
Transform:
  m_CorrespondingSourceObject: {fileID: 422532, guid: 0f599fa355e018c47bd698bd6bdf7e90, type: 3}
  m_PrefabInstance: {fileID: 4362730097479361870}
  m_PrefabAsset: {fileID: 0}
